<record><leader>01471cam a2200349 i 45 0</leader><controlfield tag="001">6855750</controlfield><controlfield tag="003">OCoLC</controlfield><controlfield tag="005">20150309160137.0</controlfield><controlfield tag="008">140710t20152015nyu           000 1 eng d</controlfield><datafield ind1=" " ind2=" " tag="020"><subfield code="a">0451470931</subfield></datafield><datafield ind1=" " ind2=" " tag="020"><subfield code="a">9780451470935</subfield><subfield code="q">paperback</subfield></datafield><datafield ind1=" " ind2=" " tag="035"><subfield code="a">ocn883367181</subfield></datafield><datafield ind1=" " ind2=" " tag="040"><subfield code="a">YDXCP</subfield><subfield code="b">eng</subfield><subfield code="e">rda</subfield><subfield code="c">YDXCP</subfield><subfield code="d">BTCTA</subfield><subfield code="d">BDX</subfield><subfield code="d">ZQP</subfield><subfield code="d">OCP</subfield><subfield code="d">IUK</subfield><subfield code="d">CZA</subfield><subfield code="d">T7L</subfield><subfield code="d">AEVC</subfield></datafield><datafield ind1="1" ind2="4" tag="050"><subfield code="a">PR9199.4.D454</subfield><subfield code="b">B9 2015</subfield></datafield><datafield ind1=" " ind2="4" tag="082"><subfield code="a">[Fic]</subfield></datafield><datafield ind1=" " ind2=" " tag="090"><subfield code="a">Mystery GAT</subfield><subfield code="b">AEVC</subfield></datafield><datafield ind1="1" ind2=" " tag="100"><subfield code="a">Gates, Eva,</subfield><subfield code="d">1951-</subfield><subfield code="e">author.</subfield></datafield><datafield ind1="1" ind2="0" tag="245"><subfield code="a">By book or by crook /</subfield><subfield code="c">Eva Gates.</subfield></datafield><datafield ind1=" " ind2="1" tag="264"><subfield code="a">New York :</subfield><subfield code="b">Obsidian, a division of Penguin Group,</subfield><subfield code="c">2015.</subfield></datafield><datafield ind1=" " ind2="4" tag="264"><subfield code="c">&#169;2015</subfield></datafield><datafield ind1=" " ind2=" " tag="300"><subfield code="a">339 pages ;</subfield><subfield code="c">18 cm</subfield></datafield><datafield ind1=" " ind2=" " tag="336"><subfield code="a">text</subfield><subfield code="b">txt</subfield><subfield code="2">rdacontent</subfield></datafield><datafield ind1=" " ind2=" " tag="337"><subfield code="a">unmediated</subfield><subfield code="b">n</subfield><subfield code="2">rdamedia</subfield></datafield><datafield ind1=" " ind2=" " tag="338"><subfield code="a">volume</subfield><subfield code="b">nc</subfield><subfield code="2">rdacarrier</subfield></datafield><datafield ind1="1" ind2=" " tag="490"><subfield code="a">A lighthouse library mystery</subfield></datafield><datafield ind1=" " ind2=" " tag="520"><subfield code="a">Seriously determined to rewrite her life, Lucy, leaving her job poring over the rare tomes of literature for the Harvard Library behind, arrives in the Outer Banks where she lands a librarian job at the lighthouse library that seems like a dream come true until theft and murder enter the picture.</subfield></datafield><datafield ind1=" " ind2=" " tag="596"><subfield code="a">3</subfield></datafield><datafield ind1=" " ind2="0" tag="650"><subfield code="a">Murder</subfield><subfield code="x">Investigation</subfield><subfield code="v">Fiction.</subfield></datafield><datafield ind1=" " ind2="0" tag="650"><subfield code="a">Book thefts</subfield><subfield code="v">Fiction.</subfield></datafield><datafield ind1=" " ind2="0" tag="651"><subfield code="a">Outer Banks (N.C.)</subfield><subfield code="v">Fiction.</subfield></datafield><datafield ind1="1" ind2=" " tag="800"><subfield code="a">Gates, Eva,</subfield><subfield code="d">1951-</subfield><subfield code="t">Lighthouse library mystery.</subfield></datafield><datafield ind1=" " ind2=" " tag="926"><subfield code="a">Mystery GAT</subfield><subfield code="w">DEWEY</subfield><subfield code="c">1</subfield><subfield code="i">33862001359185</subfield><subfield code="d">6/24/2015</subfield><subfield code="e">6/19/2015</subfield><subfield code="l">PAPERBACKS</subfield><subfield code="m">NORQ_MAIN</subfield><subfield code="n">1</subfield><subfield code="p">$7.49</subfield><subfield code="r">Y</subfield><subfield code="s">Y</subfield><subfield code="t">PAPERBACK</subfield><subfield code="u">5/5/2015</subfield></datafield></record>